%===================================================================================================
% General ANN
@article{Abiodun2019,
author = {Abiodun, Oludare Isaac and Kiru, Muhammad Ubale and Jantan, Aman and Omolara,
Abiodun Esther and Dada, Kemi Victoria and Umar,
Abubakar Malah and Linus, Okafor Uchenwa and Arshad,
Humaira and Kazaure, Abdullahi Aminu and Gana, Usman},
doi = {10.1109/ACCESS.2019.2945545},
issn = {2169-3536},
journal = {IEEE Access},
mendeley-groups = {Neuroewolucja},
pages = {158820--158846},
title = {{Comprehensive Review of Artificial Neural Network Applications to Pattern Recognition}},
url = {https://ieeexplore.ieee.org/document/8859190/},
volume = {7},
year = {2019}
}

@article{Miller1993,
author = {Miller, A.S.},
doi = {10.1016/0083-6656(93)90118-4},
issn = {00836656},
journal = {Vistas in Astronomy},
mendeley-groups = {Neuroewolucja},
month = {jan},
pages = {141--161},
title = {{A review of neural network applications in Astronomy}},
url = {https://linkinghub.elsevier.com/retrieve/pii/0083665693901184},
volume = {36},
year = {1993}
}

@article{Faraway2008,
author = {Faraway, Julian and Chatfield, Chris},
doi = {10.1111/1467-9876.00109},
issn = {00359254},
journal = {Journal of the Royal Statistical Society: Series C (Applied Statistics)},
mendeley-groups = {Neuroewolucja},
month = {jun},
number = {2},
pages = {231--250},
title = {{Time series forecasting with neural networks: a comparative study using the air line data}},
url = {http://doi.wiley.com/10.1111/1467-9876.00109},
volume = {47},
year = {2008}
}

@incollection{Herbrich1999,
author = {Herbrich, Ralf and Keilbach, Max and Graepel, Thore and Bollmann-Sdorra, Peter and Obermayer, Klaus},
doi = {10.1007/978-1-4615-5029-7_7},
mendeley-groups = {Neuroewolucja},
pages = {169--196},
title = {{Neural Networks in Economics}},
url = {http://link.springer.com/10.1007/978-1-4615-5029-7{\_}7},
year = {1999}
}

@article{Khan2019,
archivePrefix = {arXiv},
arxivId = {1901.06032},
author = {Khan, Asifullah and Sohail, Anabia and Zahoora, Umme and Qureshi, Aqsa Saeed},
eprint = {1901.06032},
mendeley-groups = {Neuroewolucja},
month = {jan},
title = {{A Survey of the Recent Architectures of Deep Convolutional Neural Networks}},
url = {http://arxiv.org/abs/1901.06032},
year = {2019}
}

@article{McCulloch1943,
author = {McCulloch, Warren S. and Pitts, Walter},
doi = {10.1007/BF02478259},
issn = {00074985},
journal = {The Bulletin of Mathematical Biophysics},
mendeley-groups = {Neurony90},
title = {{A logical calculus of the ideas immanent in nervous activity}},
year = {1943}
}

@article{Rosenblatt58,
author = {F. Rosenblatt},
title = {The Perceptron: A Probabilistic Model for Information Storage and Organization in The Brain},
journal = {Psychological Review},
year = {1958},
pages = {65--386}
}

@article{Hochreiter1997,
author = {Hochreiter, Sepp and Schmidhuber, J{\"{u}}rgen},
doi = {10.1162/neco.1997.9.8.1735},
issn = {08997667},
journal = {Neural Computation},
mendeley-groups = {Neurony90},
pmid = {9377276},
title = {{Long Short-Term Memory}},
year = {1997}
}

@book{Chollet2018,
author = {Chollet, Fran{\c{c}}ois},
booktitle = {Manning},
mendeley-groups = {Doktorat,Ksi{\c{a}}{\.{z}}ki},
title = {{Deep Learning with Phyton}},
year = {2018}
}

@inproceedings{Kingma2015,
author = {Kingma, Diederik P. and Ba, Jimmy Lei},
booktitle = {3rd International Conference on Learning Representations, ICLR 2015 - Conference Track Proceedings},
mendeley-groups = {Doktorat},
title = {{Adam: A method for stochastic optimization}},
year = {2015}
}

@article{Hinton2012,
author = {Hinton, Geoffrey E. and Srivastava, Nitish and Swersky, Kevin},
journal = {COURSERA: Neural Networks for Machine Learning},
mendeley-groups = {Doktorat},
title = {{Lecture 6a- overview of mini-batch gradient descent}},
year = {2012}
}

%===================================================================================================
% General GNSS
@article{Blewitt1997,
author = {Blewitt, Geoffrey},
isbn = {978-0-44-452748-6},
journal = {Geodetic Applications of GPS},
mendeley-groups = {NN in GNSS},
pages = {1--46},
title = {{Basics of the GPS Technique : Observation Equations {\S}}},
year = {1997}
}

@book{Doberstein2012,
author = {Doberstein, Dan},
booktitle = {Fundamentals of GPS Receivers: A Hardware Approach},
doi = {10.1007/978-1-4614-0409-5},
isbn = {9781461404095},
mendeley-groups = {NN in GNSS},
month = {jan},
pages = {1--329},
publisher = {Springer New York},
title = {{Fundamentals of GPS receivers: A hardware approach}},
year = {2012}
}

@inproceedings{Vallado2008,
author = {Vallado, David A. and Crawford, Paul},
booktitle = {AIAA/AAS Astrodynamics Specialist Conference and Exhibit},
doi = {10.1007/978-3-662-50370-6_6},
isbn = {9781563479458},
mendeley-groups = {SatClocks},
title = {{SGP4 orbit determination}},
year = {2008}
}

@book{Enge2011,
author = {Enge, P and Misra, P},
booktitle = {International Journal of Wireless Information Networks},
isbn = {0970954417},
issn = {10689605},
keywords = {Satellite navigation,global navigation system,spread spectrum},
mendeley-groups = {NN in GNSS},
number = {2},
title = {{Global Positioning System: Signals, Measurements, and Performance - Revised Second Edition (2011)}},
url = {http://www.navtechgps.com/assets/1/7/2500-2.pdf},
year = {2011}
}

@misc{ESA,
title = {{European Space Agency GNSS products repository}},
url = {ftp://gssc.esa.int/gnss/products},
urldate = {15.09.2020}
}

%===================================================================================================
% ANN in GNSS
@article{Kim2019,
author = {Kim, Hee-Un and Bae, Tae-Suk},
doi = {10.1155/2019/3737265},
issn = {1687-725X},
journal = {Journal of Sensors},
mendeley-groups = {NN in GNSS},
month = {mar},
pages = {1--8},
title = {{Deep Learning-Based GNSS Network-Based Real-Time Kinematic Improvement for Autonomous Ground Vehicle Navigation}},
url = {https://www.hindawi.com/journals/js/2019/3737265/},
volume = {2019},
year = {2019}
}

@article{OrusPerez2019,
author = {{Orus Perez}, Raul},
doi = {10.1016/j.asr.2018.11.011},
issn = {02731177},
journal = {Advances in Space Research},
mendeley-groups = {NN in GNSS},
month = {mar},
number = {5},
pages = {1607--1618},
title = {{Using TensorFlow-based Neural Network to estimate GNSS single frequency ionospheric delay (IONONet)}},
url = {https://linkinghub.elsevier.com/retrieve/pii/S0273117718308652},
volume = {63},
year = {2019}
}

@incollection{Wei2016,
author = {Wei, Jinben and Ding, Anmin and Li, Kezhao and Zhao, Leijie and Wang, Yunkai and Li, Zhiwei},
doi = {10.1007/978-981-10-0934-1_11},
mendeley-groups = {NN in GNSS},
pages = {115--123},
title = {{The Satellite Selection Algorithm of GNSS Based on Neural Network}},
url = {http://link.springer.com/10.1007/978-981-10-0934-1{\_}11},
year = {2016}
}

%===================================================================================================
% Clock Prediction
@article{Wang2017,
author = {Wang, Yupu and Lu, Zhiping and Qu, Yunying and Li, Linyang and Wang, Ning},
doi = {10.1007/s10291-016-0543-z},
issn = {1080-5370},
journal = {GPS Solutions},
mendeley-groups = {SatClocks,Doktorat},
month = {apr},
number = {2},
pages = {523--534},
title = {{Improving prediction performance of GPS satellite clock bias based on wavelet neural network}},
url = {http://link.springer.com/10.1007/s10291-016-0543-z},
volume = {21},
year = {2017}
}

@inproceedings{Jiye2013,
author = {Jiye, Liu and Xihong, Chen and Qiang, Liu and Jizhe, Sun},
booktitle = {2013 IEEE International Conference on Signal Processing, Communication and Computing (ICSPCC 2013)},
doi = {10.1109/ICSPCC.2013.6664130},
isbn = {978-1-4799-1027-4},
mendeley-groups = {SatClocks,Doktorat},
month = {aug},
pages = {1--5},
publisher = {IEEE},
title = {{Prediction of satellite clock errors using LS-SVM optimized by improved artificial fish swarm algorithm}},
url = {http://ieeexplore.ieee.org/document/6664130/},
year = {2013}
}


@article{Indriyatmoko2008,
author = {Indriyatmoko, Arif and Kang, Taesam and Lee, Young Jae and Jee, Gyu-In and Cho, Yong Beom and Kim, Jeongrae},
doi = {10.1007/s10291-008-0088-x},
issn = {1080-5370},
journal = {GPS Solutions},
mendeley-groups = {NN in GNSS},
month = {sep},
number = {4},
pages = {237--247},
title = {{Artificial neural networks for predicting DGPS carrier phase and pseudorange correction}},
url = {http://link.springer.com/10.1007/s10291-008-0088-x},
volume = {12},
year = {2008}
}

@article{Riley2007,
author = {Riley, WJ},
year = {2007},
month = {01},
pages = {1-123},
title = {Handbook of Frequency Stability Analysis},
volume = {1065},
journal = {NIST}
}

@book{Misra2011,
author = {Misra, P and Enge, P},
booktitle = {International Journal of Wireless Information Networks},
isbn = {978-0-9709544-1-1},
keywords = {Satellite navigation,global navigation system,spread spectrum},
mendeley-groups = {Doktorat},
pages = {115},
title = {{Global Positioning System: Signals, Measurements, and Performance - Revised Second Edition (2011)}},
url = {https://books.google.com/books?id=pv5MAQAAIAAJ},
year = {2011}
}

@article{Kouba2009,
author = {Kouba, Jan},
journal = {Geodetic Survey Division Natural Resources Canada Ottawa},
title = {{A Guide to using international GNSS Service ( IGS ) Products}},
volume = {6},
year = {2009}
}

@misc{IGS,
title = {{International GNSS Service}},
url = {http://www.igs.org},
urldate = {15.09.2020}
}

@article{Audoin2002,
author = {Audoin, Claude and Guinot, Bernard},
year = {2002},
month = {01},
pages = {230},
title = {The Measurement of Time: Time, Frequency and the Atomic Clock},
volume = {13},
journal = {Measurement Science and Technology},
doi = {10.1088/0957-0233/13/2/705}
}

@article{krzan2015,
author = {Krzan, Grzegorz and Przestrzelski, Pawe≈Ç},
year = {2015},
month = {10},
pages = {},
title = {GPS/GLONASS precise point positioning with IGS real-time service products},
volume = {13},
journal = {Acta Geodynamica et Geomaterialia},
doi = {10.13168/AGG.2015}
}

@book{Riley1994,
author = {Riley, W J},
booktitle = {NIST Special Publication 1065},
issn = {01489062},
number = {1},
title = {{Handbook of Frequency Stability Analysis}},
volume = {31},
year = {1994}
}


%===================================================================================================
% Robotics

@book{Siegwart2011,
archivePrefix = {arXiv},
arxivId = {arXiv:1402.5188v1},
author = {Siegwart, Roland and Nourbakhsh, Illah R and Scaramuzza, Davide},
booktitle = {MIT Press},
doi = {10.1109/ROBOT.2010.5509725},
eprint = {arXiv:1402.5188v1},
isbn = {026219502X},
issn = {0263-5747},
mendeley-groups = {Ksi{\c{a}}{\.{z}}ki},
pages = {47--82},
pmid = {15280890},
title = {{Introduction to Autonomous Mobile Robots, Second Edition}},
volume = {23},
year = {2011}
}

@incollection{Cabrera-Gamez2014,
author = {Cabrera-G{\'{a}}mez, J. and {Ramos de Miguel}, A. and Dom{\'{i}}nguez-Brito, A. C. and Hern{\'{a}}ndez-Sosa, J. D. and Isern-Gonz{\'{a}}lez, J. and Fern{\'{a}}ndez-Perdomo, E.},
booktitle = {Robotic Sailing 2013},
doi = {10.1007/978-3-319-02276-5_6},
title = {{An Embedded Low-Power Control System for Autonomous Sailboats}},
year = {2014}
}

